<?xml version = "1.0" encoding = "UTF-8"?><record>
  <leader>01424nmm#a2200409#c#4500</leader>
  <controlfield tag="005">20130927211200.0</controlfield>
  <controlfield tag="007">co#|||||||||||</controlfield>
  <controlfield tag="008">111209|2011####gw######q##|########ger#c</controlfield>
  <controlfield tag="003">DE-605</controlfield>
  <controlfield tag="001">990189698420206441</controlfield>
  <datafield tag="016" ind1="7" ind2=" ">
    <subfield code="a">1075847219</subfield>
    <subfield code="2">OCoLC</subfield>
  </datafield>
  <datafield tag="035" ind1=" " ind2=" ">
    <subfield code="a">(DE-605)HT017066705</subfield>
  </datafield>
  <datafield tag="040" ind1=" " ind2=" ">
    <subfield code="c">DE-605</subfield>
    <subfield code="a">107</subfield>
    <subfield code="b">ger</subfield>
    <subfield code="d">107</subfield>
    <subfield code="e">rakwb</subfield>
    <subfield code="d">DE-605</subfield>
  </datafield>
  <datafield tag="041" ind1=" " ind2=" ">
    <subfield code="a">ger</subfield>
  </datafield>
  <datafield tag="044" ind1=" " ind2=" ">
    <subfield code="c">XA-DE</subfield>
  </datafield>
  <datafield tag="084" ind1=" " ind2=" ">
    <subfield code="a">650</subfield>
    <subfield code="2">rpb</subfield>
  </datafield>
  <datafield tag="084" ind1=" " ind2=" ">
    <subfield code="a">970</subfield>
    <subfield code="2">rpb</subfield>
  </datafield>
  <datafield tag="084" ind1=" " ind2=" ">
    <subfield code="a">131</subfield>
    <subfield code="2">rpb</subfield>
  </datafield>
  <datafield tag="084" ind1=" " ind2=" ">
    <subfield code="a">141</subfield>
    <subfield code="2">rpb</subfield>
  </datafield>
  <datafield tag="245" ind1="0" ind2="0">
    <subfield code="a">100 Jahre Trauth</subfield>
    <subfield code="h">Bildtontr&#228;ger</subfield>
    <subfield code="b">Schokok&#252;sse aus Herxheim</subfield>
  </datafield>
  <datafield tag="246" ind1="3" ind2=" ">
    <subfield code="a">Hundert Jahre Trauth</subfield>
  </datafield>
  <datafield tag="264" ind1=" " ind2="1">
    <subfield code="a">[Landau]</subfield>
    <subfield code="b">Calimedia</subfield>
    <subfield code="c">2011</subfield>
  </datafield>
  <datafield tag="300" ind1=" " ind2=" ">
    <subfield code="a">1 DVD-Video (Spieldauer ca. 30 Min)</subfield>
    <subfield code="b">Ton: Stereo; Bildformat: 16:9 Letterboxed; Extras: Trailer</subfield>
  </datafield>
  <datafield tag="340" ind1=" " ind2=" ">
    <subfield code="a">DVD-Video</subfield>
    <subfield code="9">F:652a</subfield>
  </datafield>
  <datafield tag="689" ind1="0" ind2="0">
    <subfield code="a">Herxheim bei Landau (Pfalz)</subfield>
    <subfield code="D">g</subfield>
    <subfield code="0">(DE-588)4362856-4</subfield>
    <subfield code="0">(uri) https://portal.dnb.de/opac.htm?method=simpleSearch&amp;cqlMode=true&amp;query=idn=943303427</subfield>
    <subfield code="0">(uri) http://viaf.org/viaf/sourceID/DNB|943303427</subfield>
    <subfield code="B">GND-943303427</subfield>
  </datafield>
  <datafield tag="689" ind1="0" ind2="1">
    <subfield code="a">Schokoladenindustrie</subfield>
    <subfield code="D">s</subfield>
    <subfield code="0">(DE-588)4507427-6</subfield>
    <subfield code="0">(uri) https://portal.dnb.de/opac.htm?method=simpleSearch&amp;cqlMode=true&amp;query=idn=953964736</subfield>
    <subfield code="0">(uri) http://viaf.org/viaf/sourceID/DNB|953964736</subfield>
    <subfield code="B">GND-953964736</subfield>
  </datafield>
  <datafield tag="689" ind1="0" ind2="2">
    <subfield code="a">Proteine</subfield>
    <subfield code="D">s</subfield>
    <subfield code="0">(DE-588)4076388-2</subfield>
    <subfield code="0">(uri) https://portal.dnb.de/opac.htm?method=simpleSearch&amp;cqlMode=true&amp;query=idn=040763889</subfield>
    <subfield code="0">(uri) http://viaf.org/viaf/sourceID/DNB|040763889</subfield>
    <subfield code="B">GND-040763889</subfield>
  </datafield>
  <datafield tag="689" ind1="0" ind2="3">
    <subfield code="a">Geschichte 1911-2011</subfield>
    <subfield code="A">z</subfield>
  </datafield>
  <datafield tag="964" ind1="0" ind2="s">
    <subfield code="F">051</subfield>
    <subfield code="A">m|||||||</subfield>
  </datafield>
  <datafield tag="964" ind1="0" ind2="s">
    <subfield code="F">030</subfield>
    <subfield code="A">a|1uc||||||37</subfield>
  </datafield>
  <datafield tag="964" ind1="0" ind2="s">
    <subfield code="F">050</subfield>
    <subfield code="A">|||||d||d|||||</subfield>
  </datafield>
  <datafield tag="035" ind1=" " ind2=" ">
    <subfield code="a">(OCoLC)1075847219</subfield>
    <subfield code="0">(uri) http://www.worldcat.org/oclc/1075847219</subfield>
  </datafield>
  <datafield tag="035" ind1=" " ind2=" ">
    <subfield code="a">(DE-599)HBZHT017066705</subfield>
  </datafield>
  <datafield tag="710" ind1="2" ind2=" ">
    <subfield code="a">Eugen Trauth &amp; S&#246;hne</subfield>
    <subfield code="0">(DE-588)16332939-4</subfield>
    <subfield code="4">oth</subfield>
    <subfield code="0">(uri) https://portal.dnb.de/opac.htm?method=simpleSearch&amp;cqlMode=true&amp;query=idn=1017906882</subfield>
    <subfield code="0">(uri) http://viaf.org/viaf/sourceID/DNB|1017906882</subfield>
    <subfield code="B">GND-1017906882</subfield>
  </datafield>
  <datafield tag="655" ind1=" " ind2="7">
    <subfield code="a">DVD-Video</subfield>
    <subfield code="0">(DE-588)4585125-6</subfield>
    <subfield code="2">gnd-carrier</subfield>
  </datafield>
  <datafield tag="500" ind1=" " ind2=" ">
    <subfield code="a">Imagefilm</subfield>
  </datafield>
  <datafield tag="500" ind1=" " ind2=" ">
    <subfield code="a">Enth. u.a.: zahlreiche Interviews, Bilder aus der Produktion, dem Verkauf und historische Bilder</subfield>
    <subfield code="9">F:517</subfield>
  </datafield>
  <datafield tag="583" ind1="1" ind2=" ">
    <subfield code="a">Archivierung/Langzeitarchivierung gew&#228;hrleistet</subfield>
    <subfield code="f">PERP</subfield>
    <subfield code="5">DE-107</subfield>
  </datafield>
  <datafield tag="MBD" ind1=" " ind2=" ">
    <subfield code="M">49HBZ_NETWORK</subfield>
    <subfield code="i">990189698420206441</subfield>
    <subfield code="n">HBZ Network</subfield>
  </datafield>
  <datafield tag="MNG" ind1=" " ind2=" ">
    <subfield code="c">System</subfield>
    <subfield code="f">HBZ</subfield>
    <subfield code="i">marc21</subfield>
    <subfield code="h">20130927211200.0</subfield>
    <subfield code="k">01</subfield>
    <subfield code="e">false</subfield>
    <subfield code="d">2021-08-06 13:03:29 Europe/Berlin</subfield>
    <subfield code="g">018969842-HBZ01</subfield>
    <subfield code="j">60</subfield>
    <subfield code="a">import</subfield>
    <subfield code="b">2021-04-05 10:49:26 Europe/Berlin</subfield>
  </datafield>
  <datafield tag="GST" ind1=" " ind2=" ">
    <subfield code="a">Eiweiss</subfield>
    <subfield code="A">GND</subfield>
    <subfield code="B">GND-040763889</subfield>
    <subfield code="C">450</subfield>
  </datafield>
  <datafield tag="GST" ind1=" " ind2=" ">
    <subfield code="a">Protein</subfield>
    <subfield code="A">GND</subfield>
    <subfield code="B">GND-040763889</subfield>
    <subfield code="C">450</subfield>
  </datafield>
  <datafield tag="GSI" ind1="7" ind2=" ">
    <subfield code="a">http://d-nb.info/gnd/4076388-2</subfield>
    <subfield code="2">uri</subfield>
    <subfield code="A">GND</subfield>
    <subfield code="B">GND-040763889</subfield>
    <subfield code="C">024</subfield>
  </datafield>
  <datafield tag="GST" ind1=" " ind2=" ">
    <subfield code="a">Schokolade</subfield>
    <subfield code="x">Industrie</subfield>
    <subfield code="A">GND</subfield>
    <subfield code="B">GND-953964736</subfield>
    <subfield code="C">450</subfield>
  </datafield>
  <datafield tag="GST" ind1=" " ind2=" ">
    <subfield code="a">Schokolade</subfield>
    <subfield code="x">Su&#776;&#223;warenindustrie</subfield>
    <subfield code="A">GND</subfield>
    <subfield code="B">GND-953964736</subfield>
    <subfield code="C">450</subfield>
  </datafield>
  <datafield tag="GST" ind1=" " ind2=" ">
    <subfield code="a">Schokoladeindustrie</subfield>
    <subfield code="A">GND</subfield>
    <subfield code="B">GND-953964736</subfield>
    <subfield code="C">450</subfield>
  </datafield>
  <datafield tag="GSI" ind1="7" ind2=" ">
    <subfield code="a">http://d-nb.info/gnd/4507427-6</subfield>
    <subfield code="2">uri</subfield>
    <subfield code="A">GND</subfield>
    <subfield code="B">GND-953964736</subfield>
    <subfield code="C">024</subfield>
  </datafield>
  <datafield tag="GSI" ind1="7" ind2=" ">
    <subfield code="a">4362856-4</subfield>
    <subfield code="0">http://d-nb.info/gnd/4362856-4</subfield>
    <subfield code="2">gnd</subfield>
    <subfield code="A">GND</subfield>
    <subfield code="B">GND-943303427</subfield>
    <subfield code="C">024</subfield>
  </datafield>
  <datafield tag="GSI" ind1="7" ind2=" ">
    <subfield code="a">2905528</subfield>
    <subfield code="2">geonames</subfield>
    <subfield code="A">GND</subfield>
    <subfield code="B">GND-943303427</subfield>
    <subfield code="C">024</subfield>
  </datafield>
  <datafield tag="GGN" ind1=" " ind2=" ">
    <subfield code="a">Herxheim</subfield>
    <subfield code="g">Landau in der Pfalz</subfield>
    <subfield code="A">GND</subfield>
    <subfield code="B">GND-943303427</subfield>
    <subfield code="C">451</subfield>
  </datafield>
  <datafield tag="GGN" ind1=" " ind2=" ">
    <subfield code="a">Herxheim</subfield>
    <subfield code="9">v:GKD</subfield>
    <subfield code="A">GND</subfield>
    <subfield code="B">GND-943303427</subfield>
    <subfield code="C">451</subfield>
  </datafield>
  <datafield tag="GGN" ind1=" " ind2=" ">
    <subfield code="a">Herxheim b. Landau</subfield>
    <subfield code="A">GND</subfield>
    <subfield code="B">GND-943303427</subfield>
    <subfield code="C">451</subfield>
  </datafield>
  <datafield tag="GGN" ind1=" " ind2=" ">
    <subfield code="a">Herxheim b. Landau, Pfalz</subfield>
    <subfield code="A">GND</subfield>
    <subfield code="B">GND-943303427</subfield>
    <subfield code="C">451</subfield>
  </datafield>
  <datafield tag="GKT" ind1="2" ind2=" ">
    <subfield code="a">Trauth &amp; So&#776;hne</subfield>
    <subfield code="A">GND</subfield>
    <subfield code="B">GND-1017906882</subfield>
    <subfield code="C">410</subfield>
  </datafield>
  <datafield tag="GKT" ind1="2" ind2=" ">
    <subfield code="a">Eugen Trauth und So&#776;hne</subfield>
    <subfield code="A">GND</subfield>
    <subfield code="B">GND-1017906882</subfield>
    <subfield code="C">410</subfield>
  </datafield>
  <datafield tag="GKT" ind1="2" ind2=" ">
    <subfield code="a">Su&#776;&#223;warenfirma Eugen Trauth &amp; So&#776;hne</subfield>
    <subfield code="A">GND</subfield>
    <subfield code="B">GND-1017906882</subfield>
    <subfield code="C">410</subfield>
  </datafield>
  <datafield tag="GSI" ind1="7" ind2=" ">
    <subfield code="a">http://d-nb.info/gnd/16332939-4</subfield>
    <subfield code="2">uri</subfield>
    <subfield code="A">GND</subfield>
    <subfield code="B">GND-1017906882</subfield>
    <subfield code="C">024</subfield>
  </datafield>
</record>